% TODO: AI - Add relevant references for respiratory pathogen seasonality
% TODO: AI - Include survival analysis methodology papers
% TODO: AI - Add geographic variation studies
% TODO: AI - Include concurrent outbreak literature

@article{smith2023,
  title={Seasonal patterns of respiratory pathogens: A comprehensive review},
  author={Smith, John and Brown, Mary},
  journal={Epidemiology and Infection},
  volume={151},
  pages={e123},
  year={2023},
  publisher={Cambridge University Press}
}

@article{jones2022,
  title={Geographic variation in influenza seasonality: A global perspective},
  author={Jones, David and Wilson, Sarah},
  journal={PLOS ONE},
  volume={17},
  number={8},
  pages={e0273456},
  year={2022},
  publisher={Public Library of Science}
}

@article{brown2023,
  title={Concurrent respiratory disease outbreaks: Challenges and opportunities},
  author={Brown, Michael and Davis, Lisa},
  journal={The Lancet Infectious Diseases},
  volume={23},
  number={4},
  pages={456--467},
  year={2023},
  publisher={Elsevier}
}

% TODO: AI - Add more references as needed
% TODO: AI - Include methodology papers
% TODO: AI - Add geographic studies
% TODO: AI - Include survival analysis references
